%YAML 1.1
%TAG !u! tag:unity3d.com,2011:
--- !u!1 &2404541833643077738
GameObject:
  m_ObjectHideFlags: 0
  m_CorrespondingSourceObject: {fileID: 0}
  m_PrefabInstance: {fileID: 0}
  m_PrefabAsset: {fileID: 0}
  serializedVersion: 6
  m_Component:
  - component: {fileID: 3477708569792302407}
  - component: {fileID: 7671849282103431298}
  - component: {fileID: 8365745994853958937}
  - component: {fileID: 8492212750691250425}
  - component: {fileID: 8472999569786037649}
  - component: {fileID: 2696245585403443263}
  m_Layer: 7
  m_Name: panel
  m_TagString: Untagged
  m_Icon: {fileID: 0}
  m_NavMeshLayer: 0
  m_StaticEditorFlags: 0
  m_IsActive: 1
--- !u!4 &3477708569792302407
Transform:
  m_ObjectHideFlags: 0
  m_CorrespondingSourceObject: {fileID: 0}
  m_PrefabInstance: {fileID: 0}
  m_PrefabAsset: {fileID: 0}
  m_GameObject: {fileID: 2404541833643077738}
  serializedVersion: 2
  m_LocalRotation: {x: 1.110223e-17, y: -0, z: -0, w: 1}
  m_LocalPosition: {x: -0.522, y: -0.263, z: -0.586}
  m_LocalScale: {x: 0.202, y: 0.202, z: 0.202}
  m_ConstrainProportionsScale: 1
  m_Children: []
  m_Father: {fileID: 0}
  m_LocalEulerAnglesHint: {x: 0, y: 0, z: 0}
--- !u!114 &7671849282103431298
MonoBehaviour:
  m_ObjectHideFlags: 0
  m_CorrespondingSourceObject: {fileID: 0}
  m_PrefabInstance: {fileID: 0}
  m_PrefabAsset: {fileID: 0}
  m_GameObject: {fileID: 2404541833643077738}
  m_Enabled: 1
  m_EditorHideFlags: 0
  m_Script: {fileID: 11500000, guid: 8233d90336aea43098adf6dbabd606a2, type: 3}
  m_Name: 
  m_EditorClassIdentifier: 
  m_MeshFormatVersion: 2
  m_Faces:
  - m_Indexes: 000000000100000002000000010000000300000002000000
    m_SmoothingGroup: 0
    m_Uv:
      m_UseWorldSpace: 0
      m_FlipU: 0
      m_FlipV: 0
      m_SwapUV: 0
      m_Fill: 1
      m_Scale: {x: 1, y: 1}
      m_Offset: {x: 0, y: 0}
      m_Rotation: 0
      m_Anchor: 9
    m_Material: {fileID: 0}
    m_SubmeshIndex: 0
    m_ManualUV: 1
    elementGroup: -1
    m_TextureGroup: -1
  - m_Indexes: 040000000500000006000000050000000700000006000000
    m_SmoothingGroup: 0
    m_Uv:
      m_UseWorldSpace: 0
      m_FlipU: 0
      m_FlipV: 0
      m_SwapUV: 0
      m_Fill: 1
      m_Scale: {x: 1, y: 1}
      m_Offset: {x: 0, y: 0}
      m_Rotation: 0
      m_Anchor: 9
    m_Material: {fileID: 0}
    m_SubmeshIndex: 0
    m_ManualUV: 1
    elementGroup: -1
    m_TextureGroup: -1
  - m_Indexes: 08000000090000000a000000090000000b0000000a000000
    m_SmoothingGroup: 0
    m_Uv:
      m_UseWorldSpace: 0
      m_FlipU: 0
      m_FlipV: 0
      m_SwapUV: 0
      m_Fill: 1
      m_Scale: {x: 1, y: 1}
      m_Offset: {x: 0, y: 0}
      m_Rotation: 0
      m_Anchor: 9
    m_Material: {fileID: 0}
    m_SubmeshIndex: 0
    m_ManualUV: 1
    elementGroup: -1
    m_TextureGroup: -1
  - m_Indexes: 0c0000000d0000000e0000000d0000000f0000000e000000
    m_SmoothingGroup: 0
    m_Uv:
      m_UseWorldSpace: 0
      m_FlipU: 0
      m_FlipV: 0
      m_SwapUV: 0
      m_Fill: 1
      m_Scale: {x: 1, y: 1}
      m_Offset: {x: 0, y: 0}
      m_Rotation: 0
      m_Anchor: 9
    m_Material: {fileID: 0}
    m_SubmeshIndex: 0
    m_ManualUV: 1
    elementGroup: -1
    m_TextureGroup: -1
  - m_Indexes: 140000001500000016000000140000001600000013000000130000001600000012000000160000001700000012000000170000001000000012000000100000001100000012000000
    m_SmoothingGroup: 0
    m_Uv:
      m_UseWorldSpace: 0
      m_FlipU: 0
      m_FlipV: 0
      m_SwapUV: 0
      m_Fill: 1
      m_Scale: {x: 1, y: 1}
      m_Offset: {x: 0, y: 0}
      m_Rotation: 0
      m_Anchor: 9
    m_Material: {fileID: 0}
    m_SubmeshIndex: 0
    m_ManualUV: 1
    elementGroup: -1
    m_TextureGroup: -1
  - m_Indexes: 18000000190000001a000000180000001a0000001b000000180000001b0000001c000000180000001c0000001f0000001f0000001c0000001e0000001c0000001d0000001e000000
    m_SmoothingGroup: 0
    m_Uv:
      m_UseWorldSpace: 0
      m_FlipU: 0
      m_FlipV: 0
      m_SwapUV: 0
      m_Fill: 1
      m_Scale: {x: 1, y: 1}
      m_Offset: {x: 0, y: 0}
      m_Rotation: 0
      m_Anchor: 9
    m_Material: {fileID: 0}
    m_SubmeshIndex: 0
    m_ManualUV: 1
    elementGroup: -1
    m_TextureGroup: -1
  - m_Indexes: 220000002100000020000000220000002300000021000000
    m_SmoothingGroup: -1
    m_Uv:
      m_UseWorldSpace: 0
      m_FlipU: 0
      m_FlipV: 0
      m_SwapUV: 0
      m_Fill: 1
      m_Scale: {x: 1, y: 1}
      m_Offset: {x: 0, y: 0}
      m_Rotation: 0
      m_Anchor: 9
    m_Material: {fileID: 0}
    m_SubmeshIndex: 0
    m_ManualUV: 0
    elementGroup: -1
    m_TextureGroup: -1
  - m_Indexes: 260000002500000024000000260000002700000025000000
    m_SmoothingGroup: -1
    m_Uv:
      m_UseWorldSpace: 0
      m_FlipU: 0
      m_FlipV: 0
      m_SwapUV: 0
      m_Fill: 1
      m_Scale: {x: 1, y: 1}
      m_Offset: {x: 0, y: 0}
      m_Rotation: 0
      m_Anchor: 9
    m_Material: {fileID: 0}
    m_SubmeshIndex: 0
    m_ManualUV: 0
    elementGroup: -1
    m_TextureGroup: -1
  - m_Indexes: 2a00000029000000280000002a0000002b00000029000000
    m_SmoothingGroup: -1
    m_Uv:
      m_UseWorldSpace: 0
      m_FlipU: 0
      m_FlipV: 0
      m_SwapUV: 0
      m_Fill: 1
      m_Scale: {x: 1, y: 1}
      m_Offset: {x: 0, y: 0}
      m_Rotation: 0
      m_Anchor: 9
    m_Material: {fileID: 0}
    m_SubmeshIndex: 0
    m_ManualUV: 0
    elementGroup: -1
    m_TextureGroup: -1
  - m_Indexes: 2d000000310000002c0000002d0000002e00000031000000310000002e000000300000002e0000002f00000030000000
    m_SmoothingGroup: -1
    m_Uv:
      m_UseWorldSpace: 0
      m_FlipU: 0
      m_FlipV: 0
      m_SwapUV: 0
      m_Fill: 1
      m_Scale: {x: 1, y: 1}
      m_Offset: {x: 0, y: 0}
      m_Rotation: 0
      m_Anchor: 9
    m_Material: {fileID: 0}
    m_SubmeshIndex: 0
    m_ManualUV: 0
    elementGroup: -1
    m_TextureGroup: -1
  - m_Indexes: 370000003200000033000000370000003300000036000000360000003300000034000000350000003600000034000000
    m_SmoothingGroup: -1
    m_Uv:
      m_UseWorldSpace: 0
      m_FlipU: 0
      m_FlipV: 0
      m_SwapUV: 0
      m_Fill: 1
      m_Scale: {x: 1, y: 1}
      m_Offset: {x: 0, y: 0}
      m_Rotation: 0
      m_Anchor: 9
    m_Material: {fileID: 0}
    m_SubmeshIndex: 0
    m_ManualUV: 0
    elementGroup: -1
    m_TextureGroup: -1
  - m_Indexes: 3a00000039000000380000003a0000003b00000039000000
    m_SmoothingGroup: -1
    m_Uv:
      m_UseWorldSpace: 0
      m_FlipU: 0
      m_FlipV: 0
      m_SwapUV: 0
      m_Fill: 1
      m_Scale: {x: 1, y: 1}
      m_Offset: {x: 0, y: 0}
      m_Rotation: 0
      m_Anchor: 9
    m_Material: {fileID: 0}
    m_SubmeshIndex: 0
    m_ManualUV: 0
    elementGroup: -1
    m_TextureGroup: -1
  - m_Indexes: 3f000000400000003e0000003e000000400000003d0000003d00000040000000410000003d000000410000003c000000
    m_SmoothingGroup: -1
    m_Uv:
      m_UseWorldSpace: 0
      m_FlipU: 0
      m_FlipV: 0
      m_SwapUV: 0
      m_Fill: 1
      m_Scale: {x: 1, y: 1}
      m_Offset: {x: 0, y: 0}
      m_Rotation: 0
      m_Anchor: 9
    m_Material: {fileID: 0}
    m_SubmeshIndex: 0
    m_ManualUV: 0
    elementGroup: -1
    m_TextureGroup: -1
  - m_Indexes: 430000004400000042000000440000004500000042000000420000004500000047000000470000004500000046000000
    m_SmoothingGroup: -1
    m_Uv:
      m_UseWorldSpace: 0
      m_FlipU: 0
      m_FlipV: 0
      m_SwapUV: 0
      m_Fill: 1
      m_Scale: {x: 1, y: 1}
      m_Offset: {x: 0, y: 0}
      m_Rotation: 0
      m_Anchor: 9
    m_Material: {fileID: 0}
    m_SubmeshIndex: 0
    m_ManualUV: 0
    elementGroup: -1
    m_TextureGroup: -1
  m_SharedVertices:
  - m_Vertices: 00000000380000003d000000
  - m_Vertices: 010000003900000042000000
  - m_Vertices: 02000000250000003e000000
  - m_Vertices: 030000002400000047000000
  - m_Vertices: 040000001e00000044000000
  - m_Vertices: 050000001d00000031000000
  - m_Vertices: 060000001400000045000000
  - m_Vertices: 070000001500000030000000
  - m_Vertices: 08000000280000002d000000
  - m_Vertices: 090000002900000034000000
  - m_Vertices: 0a000000210000002e000000
  - m_Vertices: 0b0000002000000033000000
  - m_Vertices: 0c0000001a00000036000000
  - m_Vertices: 0d0000001900000041000000
  - m_Vertices: 0e0000001000000037000000
  - m_Vertices: 0f0000001100000040000000
  - m_Vertices: 12000000270000003f000000
  - m_Vertices: 130000002600000046000000
  - m_Vertices: 16000000230000002f000000
  - m_Vertices: 170000002200000032000000
  - m_Vertices: 180000003a0000003c000000
  - m_Vertices: 1b0000002b00000035000000
  - m_Vertices: 1c0000002a0000002c000000
  - m_Vertices: 1f0000003b00000043000000
  m_SharedTextures: []
  m_Positions:
  - {x: -2.4, y: -2.3999996, z: 0.15000004}
  - {x: 2.4, y: -2.3999996, z: 0.15000004}
  - {x: -2.4, y: 2.4000003, z: 0.15000004}
  - {x: 2.4, y: 2.4000003, z: 0.15000004}
  - {x: 2.5, y: -2.4999998, z: 0.05000004}
  - {x: 2.5, y: -2.4999998, z: -0.049999952}
  - {x: 2.5, y: 2.5000002, z: 0.05000004}
  - {x: 2.5, y: 2.5000002, z: -0.049999952}
  - {x: 2.4, y: -2.3999996, z: -0.14999995}
  - {x: -2.4, y: -2.3999996, z: -0.14999995}
  - {x: 2.4, y: 2.4000003, z: -0.14999995}
  - {x: -2.4, y: 2.4000003, z: -0.14999995}
  - {x: -2.5, y: -2.4999998, z: -0.049999952}
  - {x: -2.5, y: -2.4999998, z: 0.05000004}
  - {x: -2.5, y: 2.5000002, z: -0.049999952}
  - {x: -2.5, y: 2.5000002, z: 0.05000004}
  - {x: -2.5, y: 2.5000002, z: -0.049999952}
  - {x: -2.5, y: 2.5000002, z: 0.05000004}
  - {x: -2.4707108, y: 2.5000002, z: 0.07928935}
  - {x: 2.4707108, y: 2.5000002, z: 0.07928932}
  - {x: 2.5, y: 2.5000002, z: 0.05000004}
  - {x: 2.5, y: 2.5000002, z: -0.049999952}
  - {x: 2.4707108, y: 2.5000002, z: -0.07928923}
  - {x: -2.4707108, y: 2.5000002, z: -0.07928926}
  - {x: -2.4707108, y: -2.4999998, z: 0.07928935}
  - {x: -2.5, y: -2.4999998, z: 0.05000004}
  - {x: -2.5, y: -2.4999998, z: -0.049999952}
  - {x: -2.4707108, y: -2.4999998, z: -0.07928926}
  - {x: 2.4707108, y: -2.4999998, z: -0.07928923}
  - {x: 2.5, y: -2.4999998, z: -0.049999952}
  - {x: 2.5, y: -2.4999998, z: 0.05000004}
  - {x: 2.4707108, y: -2.4999998, z: 0.07928932}
  - {x: -2.4, y: 2.4000003, z: -0.14999995}
  - {x: 2.4, y: 2.4000003, z: -0.14999995}
  - {x: -2.4707108, y: 2.5000002, z: -0.07928926}
  - {x: 2.4707108, y: 2.5000002, z: -0.07928923}
  - {x: 2.4, y: 2.4000003, z: 0.15000004}
  - {x: -2.4, y: 2.4000003, z: 0.15000004}
  - {x: 2.4707108, y: 2.5000002, z: 0.07928932}
  - {x: -2.4707108, y: 2.5000002, z: 0.07928935}
  - {x: 2.4, y: -2.3999996, z: -0.14999995}
  - {x: -2.4, y: -2.3999996, z: -0.14999995}
  - {x: 2.4707108, y: -2.4999998, z: -0.07928923}
  - {x: -2.4707108, y: -2.4999998, z: -0.07928926}
  - {x: 2.4707108, y: -2.4999998, z: -0.07928923}
  - {x: 2.4, y: -2.3999996, z: -0.14999995}
  - {x: 2.4, y: 2.4000003, z: -0.14999995}
  - {x: 2.4707108, y: 2.5000002, z: -0.07928923}
  - {x: 2.5, y: 2.5000002, z: -0.049999952}
  - {x: 2.5, y: -2.4999998, z: -0.049999952}
  - {x: -2.4707108, y: 2.5000002, z: -0.07928926}
  - {x: -2.4, y: 2.4000003, z: -0.14999995}
  - {x: -2.4, y: -2.3999996, z: -0.14999995}
  - {x: -2.4707108, y: -2.4999998, z: -0.07928926}
  - {x: -2.5, y: -2.4999998, z: -0.049999952}
  - {x: -2.5, y: 2.5000002, z: -0.049999952}
  - {x: -2.4, y: -2.3999996, z: 0.15000004}
  - {x: 2.4, y: -2.3999996, z: 0.15000004}
  - {x: -2.4707108, y: -2.4999998, z: 0.07928935}
  - {x: 2.4707108, y: -2.4999998, z: 0.07928932}
  - {x: -2.4707108, y: -2.4999998, z: 0.07928935}
  - {x: -2.4, y: -2.3999996, z: 0.15000004}
  - {x: -2.4, y: 2.4000003, z: 0.15000004}
  - {x: -2.4707108, y: 2.5000002, z: 0.07928935}
  - {x: -2.5, y: 2.5000002, z: 0.05000004}
  - {x: -2.5, y: -2.4999998, z: 0.05000004}
  - {x: 2.4, y: -2.3999996, z: 0.15000004}
  - {x: 2.4707108, y: -2.4999998, z: 0.07928932}
  - {x: 2.5, y: -2.4999998, z: 0.05000004}
  - {x: 2.5, y: 2.5000002, z: 0.05000004}
  - {x: 2.4707108, y: 2.5000002, z: 0.07928932}
  - {x: 2.4, y: 2.4000003, z: 0.15000004}
  m_Textures0:
  - {x: -0.15687618, y: -1.1451887}
  - {x: -4.9568763, y: -1.1451887}
  - {x: -0.15687618, y: 3.6548114}
  - {x: -4.9568763, y: 3.6548114}
  - {x: 0.46723726, y: -1.2451887}
  - {x: 0.36723727, y: -1.2451887}
  - {x: 0.46723726, y: 3.7548113}
  - {x: 0.36723727, y: 3.7548113}
  - {x: 4.9568763, y: -1.1451887}
  - {x: 0.15687618, y: -1.1451887}
  - {x: 4.9568763, y: 3.6548114}
  - {x: 0.15687618, y: 3.6548114}
  - {x: -0.36723727, y: -1.2451887}
  - {x: -0.46723726, y: -1.2451887}
  - {x: -0.36723727, y: 3.7548113}
  - {x: -0.46723726, y: 3.7548113}
  - {x: 0.056876183, y: 0.36723727}
  - {x: 0.056876183, y: 0.46723726}
  - {x: 0.086165495, y: 0.49652657}
  - {x: 5.027587, y: 0.49652654}
  - {x: 5.056876, y: 0.46723726}
  - {x: 5.056876, y: 0.36723727}
  - {x: 5.027587, y: 0.337948}
  - {x: 0.086165495, y: 0.33794796}
  - {x: -0.086165495, y: 0.49652657}
  - {x: -0.056876183, y: 0.46723726}
  - {x: -0.056876183, y: 0.36723727}
  - {x: -0.086165495, y: 0.33794796}
  - {x: -5.027587, y: 0.337948}
  - {x: -5.056876, y: 0.36723727}
  - {x: -5.056876, y: 0.46723726}
  - {x: -5.027587, y: 0.49652654}
  - {x: -2.4, y: 1.8729888}
  - {x: 2.4, y: 1.8729888}
  - {x: -2.4707108, y: 1.9954633}
  - {x: 2.4707108, y: 1.9954633}
  - {x: -2.4, y: 1.8729883}
  - {x: 2.4, y: 1.8729883}
  - {x: -2.4707108, y: 1.9954628}
  - {x: 2.4707108, y: 1.9954628}
  - {x: 2.4, y: -1.8729895}
  - {x: -2.4, y: -1.8729895}
  - {x: 2.4707108, y: -1.9954642}
  - {x: -2.4707108, y: -1.9954641}
  - {x: 1.6909896, y: -2.4999998}
  - {x: 1.5909896, y: -2.3999996}
  - {x: 1.5909896, y: 2.4000003}
  - {x: 1.6909896, y: 2.5000002}
  - {x: 1.7324109, y: 2.5000002}
  - {x: 1.7324109, y: -2.4999998}
  - {x: -1.6909897, y: 2.5000002}
  - {x: -1.5909897, y: 2.4000003}
  - {x: -1.5909897, y: -2.3999996}
  - {x: -1.6909897, y: -2.4999998}
  - {x: -1.732411, y: -2.4999998}
  - {x: -1.732411, y: 2.5000002}
  - {x: 2.4, y: -1.8729898}
  - {x: -2.4, y: -1.8729898}
  - {x: 2.4707108, y: -1.9954644}
  - {x: -2.4707108, y: -1.9954644}
  - {x: 1.6909896, y: -2.4999998}
  - {x: 1.5909897, y: -2.3999996}
  - {x: 1.5909897, y: 2.4000003}
  - {x: 1.6909896, y: 2.5000002}
  - {x: 1.7324109, y: 2.5000002}
  - {x: 1.7324109, y: -2.4999998}
  - {x: -1.5909895, y: -2.3999996}
  - {x: -1.6909895, y: -2.4999998}
  - {x: -1.7324108, y: -2.4999998}
  - {x: -1.7324108, y: 2.5000002}
  - {x: -1.6909895, y: 2.5000002}
  - {x: -1.5909895, y: 2.4000003}
  m_Textures2: []
  m_Textures3: []
  m_Tangents:
  - {x: -1, y: 0, z: 0, w: -1}
  - {x: -1, y: 0, z: 0, w: -1}
  - {x: -1, y: 0, z: 0, w: -1}
  - {x: -1, y: 0, z: 0, w: -1}
  - {x: 0, y: 0, z: 1, w: -1}
  - {x: 0, y: 0, z: 1, w: -1}
  - {x: 0, y: 0, z: 1, w: -1}
  - {x: 0, y: 0, z: 1, w: -1}
  - {x: 1, y: 0, z: 0, w: -1}
  - {x: 1, y: 0, z: 0, w: -1}
  - {x: 1, y: 0, z: 0, w: -1}
  - {x: 1, y: 0, z: 0, w: -1}
  - {x: 0, y: 0, z: -1, w: -1}
  - {x: 0, y: 0, z: -1, w: -1}
  - {x: 0, y: 0, z: -1, w: -1}
  - {x: 0, y: 0, z: -1, w: -1}
  - {x: 1, y: 0, z: 0, w: -1}
  - {x: 1, y: 0, z: 0, w: -1}
  - {x: 1, y: 0, z: 0, w: -1}
  - {x: 1, y: 0, z: 0, w: -1}
  - {x: 1, y: 0, z: 0, w: -1}
  - {x: 1, y: 0, z: 0, w: -1}
  - {x: 1, y: 0, z: 0, w: -1}
  - {x: 1, y: 0, z: 0, w: -1}
  - {x: -1, y: 0, z: 0, w: -1}
  - {x: -1, y: 0, z: 0, w: -1}
  - {x: -1, y: 0, z: 0, w: -1}
  - {x: -1, y: 0, z: 0, w: -1}
  - {x: -1, y: 0, z: 0, w: -1}
  - {x: -1, y: 0, z: 0, w: -1}
  - {x: -1, y: 0, z: 0, w: -1}
  - {x: -1, y: 0, z: 0, w: -1}
  - {x: 1, y: 0, z: 0, w: -1}
  - {x: 1, y: 1.2819762e-16, z: 0.0000000030155614, w: -1}
  - {x: 1, y: 1.2819762e-16, z: 0.0000000030155614, w: -1}
  - {x: 1, y: -2.563953e-16, z: 0.0000000060311236, w: -1}
  - {x: -1, y: 0, z: 0, w: -1}
  - {x: -1, y: 2.5639526e-16, z: 0.000000003015562, w: -1}
  - {x: -1, y: 2.5639526e-16, z: 0.000000003015562, w: -1}
  - {x: -1, y: 2.5639523e-16, z: 0.0000000060311236, w: -1}
  - {x: 1, y: 0, z: 0, w: -1}
  - {x: 1, y: 0.000000009848791, z: -0.0000000039485784, w: -1}
  - {x: 1, y: 0.000000009848791, z: -0.0000000039485784, w: -1}
  - {x: 1, y: 0.000000019697584, z: -0.000000007897154, w: -1}
  - {x: 0.7071065, y: -2.601445e-15, z: 0.7071072, w: -1}
  - {x: 0.7071065, y: 0, z: 0.7071071, w: -1}
  - {x: 0.7071065, y: 0, z: 0.7071071, w: -1}
  - {x: 0.7071065, y: 0, z: 0.7071072, w: -1}
  - {x: 0.7071065, y: -1.3007255e-15, z: 0.7071072, w: -1}
  - {x: 0.7071064, y: -1.7342967e-15, z: 0.7071072, w: -1}
  - {x: 0.70710605, y: 0, z: -0.7071075, w: -1}
  - {x: 0.70710635, y: -8.014669e-15, z: -0.70710725, w: -1}
  - {x: 0.7071063, y: 0, z: -0.70710737, w: -1}
  - {x: 0.70710605, y: 2.404395e-14, z: -0.7071075, w: -1}
  - {x: 0.70710635, y: 0, z: -0.70710725, w: -1}
  - {x: 0.7071063, y: 0, z: -0.70710737, w: -1}
  - {x: -1, y: 0, z: 0, w: -1}
  - {x: -1, y: 0, z: 0.0000000030155616, w: -1}
  - {x: -1, y: 0, z: 0.0000000030155616, w: -1}
  - {x: -1, y: 0, z: 0.000000006031123, w: -1}
  - {x: -0.70710605, y: -2.404395e-14, z: -0.7071075, w: -1}
  - {x: -0.7071063, y: 8.01465e-15, z: -0.70710725, w: -1}
  - {x: -0.70710623, y: 2.404401e-14, z: -0.70710737, w: -1}
  - {x: -0.70710605, y: 0, z: -0.7071075, w: -1}
  - {x: -0.7071063, y: 0, z: -0.70710725, w: -1}
  - {x: -0.70710623, y: -2.4043952e-14, z: -0.70710737, w: -1}
  - {x: -0.7071065, y: 0, z: 0.7071072, w: -1}
  - {x: -0.7071065, y: 2.601445e-15, z: 0.7071072, w: -1}
  - {x: -0.7071065, y: 0, z: 0.7071072, w: -1}
  - {x: -0.7071065, y: 0, z: 0.7071071, w: -1}
  - {x: -0.7071065, y: 0, z: 0.7071072, w: -1}
  - {x: -0.7071065, y: 1.3007254e-15, z: 0.7071071, w: -1}
  m_Colors: []
  m_UnwrapParameters:
    m_HardAngle: 88
    m_PackMargin: 20
    m_AngleError: 8
    m_AreaError: 15
  m_PreserveMeshAssetOnDestroy: 0
  assetGuid: 
  m_Mesh: {fileID: 0}
  m_VersionIndex: 1904
  m_IsSelectable: 1
  m_SelectedFaces: 
  m_SelectedEdges: []
  m_SelectedVertices: 
--- !u!114 &8365745994853958937
MonoBehaviour:
  m_ObjectHideFlags: 0
  m_CorrespondingSourceObject: {fileID: 0}
  m_PrefabInstance: {fileID: 0}
  m_PrefabAsset: {fileID: 0}
  m_GameObject: {fileID: 2404541833643077738}
  m_Enabled: 1
  m_EditorHideFlags: 0
  m_Script: {fileID: 11500000, guid: 1ca002da428252441b92f28d83c8a65f, type: 3}
  m_Name: 
  m_EditorClassIdentifier: 
  m_Shape:
    rid: 7047588167589560328
  m_Size: {x: 5, y: 5, z: 0.3}
  m_Rotation: {x: 0, y: 0, z: 0, w: 1}
  m_PivotLocation: 1
  m_PivotPosition: {x: 0, y: 0, z: 0}
  m_UnmodifiedMeshVersion: 1851
  m_ShapeBox:
    m_Center: {x: 2.5568762, y: 1.2548113, z: 0.41723728}
    m_Extent: {x: 2.5, y: 2.5, z: 0.14999999}
  references:
    version: 2
    RefIds:
    - rid: 7047588167589560328
      type: {class: Cube, ns: UnityEngine.ProBuilder.Shapes, asm: Unity.ProBuilder}
      data: 
--- !u!23 &8492212750691250425
MeshRenderer:
  m_ObjectHideFlags: 0
  m_CorrespondingSourceObject: {fileID: 0}
  m_PrefabInstance: {fileID: 0}
  m_PrefabAsset: {fileID: 0}
  m_GameObject: {fileID: 2404541833643077738}
  m_Enabled: 1
  m_CastShadows: 1
  m_ReceiveShadows: 1
  m_DynamicOccludee: 1
  m_StaticShadowCaster: 0
  m_MotionVectors: 1
  m_LightProbeUsage: 1
  m_ReflectionProbeUsage: 1
  m_RayTracingMode: 2
  m_RayTraceProcedural: 0
  m_RenderingLayerMask: 1
  m_RendererPriority: 0
  m_Materials:
  - {fileID: 2100000, guid: 31321ba15b8f8eb4c954353edc038b1d, type: 2}
  m_StaticBatchInfo:
    firstSubMesh: 0
    subMeshCount: 0
  m_StaticBatchRoot: {fileID: 0}
  m_ProbeAnchor: {fileID: 0}
  m_LightProbeVolumeOverride: {fileID: 0}
  m_ScaleInLightmap: 1
  m_ReceiveGI: 1
  m_PreserveUVs: 0
  m_IgnoreNormalsForChartDetection: 0
  m_ImportantGI: 0
  m_StitchLightmapSeams: 1
  m_SelectedEditorRenderState: 2
  m_MinimumChartSize: 4
  m_AutoUVMaxDistance: 0.5
  m_AutoUVMaxAngle: 89
  m_LightmapParameters: {fileID: 0}
  m_SortingLayerID: 0
  m_SortingLayer: 0
  m_SortingOrder: 0
  m_AdditionalVertexStreams: {fileID: 0}
--- !u!33 &8472999569786037649
MeshFilter:
  m_ObjectHideFlags: 0
  m_CorrespondingSourceObject: {fileID: 0}
  m_PrefabInstance: {fileID: 0}
  m_PrefabAsset: {fileID: 0}
  m_GameObject: {fileID: 2404541833643077738}
  m_Mesh: {fileID: 0}
--- !u!64 &2696245585403443263
MeshCollider:
  m_ObjectHideFlags: 0
  m_CorrespondingSourceObject: {fileID: 0}
  m_PrefabInstance: {fileID: 0}
  m_PrefabAsset: {fileID: 0}
  m_GameObject: {fileID: 2404541833643077738}
  m_Material: {fileID: 0}
  m_IncludeLayers:
    serializedVersion: 2
    m_Bits: 0
  m_ExcludeLayers:
    serializedVersion: 2
    m_Bits: 0
  m_LayerOverridePriority: 0
  m_IsTrigger: 0
  m_ProvidesContacts: 0
  m_Enabled: 1
  serializedVersion: 5
  m_Convex: 1
  m_CookingOptions: 30
  m_Mesh: {fileID: 0}
